@inproceedings{fscd19,
  author    = {Maciej Pir{\'{o}}g and
               Piotr Polesiuk and
               Filip Sieczkowski},
  editor    = {Herman Geuvers},
  title     = {Typed Equivalence of Effect Handlers and Delimited Control},
  booktitle = {4th International Conference on Formal Structures for Computation
               and Deduction, {FSCD} 2019, June 24-30, 2019, Dortmund, Germany},
  series    = {LIPIcs},
  volume    = {131},
  pages     = {30:1--30:16},
  publisher = {Schloss Dagstuhl - Leibniz-Zentrum f{\"{u}}r Informatik},
  year      = {2019},
  url       = {https://doi.org/10.4230/LIPIcs.FSCD.2019.30},
  doi       = {10.4230/LIPIcs.FSCD.2019.30},
  timestamp = {Thu, 14 Oct 2021 10:42:37 +0200},
  biburl    = {https://dblp.org/rec/conf/rta/PirogPS19.bib},
  bibsource = {dblp computer science bibliography, https://dblp.org}
}
@article{hwc,
  author    = {Dariusz Biernacki and
               Maciej Pir{\'{o}}g and
               Piotr Polesiuk and
               Filip Sieczkowski},
  title     = {Handle with care: relational interpretation of algebraic effects and
               handlers},
  journal   = {Proc. {ACM} Program. Lang.},
  volume    = {2},
  number    = {{POPL}},
  pages     = {8:1--8:30},
  year      = {2018},
  url       = {https://doi.org/10.1145/3158096},
  doi       = {10.1145/3158096},
  timestamp = {Thu, 14 Oct 2021 08:48:51 +0200},
  biburl    = {https://dblp.org/rec/journals/pacmpl/BiernackiPPS18.bib},
  bibsource = {dblp computer science bibliography, https://dblp.org}
}
@inproceedings{marriage,
  author    = {Chung{-}Kil Hur and
               Derek Dreyer and
               Georg Neis and
               Viktor Vafeiadis},
  editor    = {John Field and
               Michael Hicks},
  title     = {The marriage of bisimulations and Kripke logical relations},
  booktitle = {Proceedings of the 39th {ACM} {SIGPLAN-SIGACT} Symposium on Principles
               of Programming Languages, {POPL} 2012, Philadelphia, Pennsylvania,
               USA, January 22-28, 2012},
  pages     = {59--72},
  publisher = {{ACM}},
  year      = {2012},
  url       = {https://doi.org/10.1145/2103656.2103666},
  doi       = {10.1145/2103656.2103666},
  timestamp = {Thu, 24 Jun 2021 16:19:31 +0200},
  biburl    = {https://dblp.org/rec/conf/popl/HurDNV12.bib},
  bibsource = {dblp computer science bibliography, https://dblp.org}
}
@inproceedings{hia,
  author    = {Ohad Kammar and
               Sam Lindley and
               Nicolas Oury},
  editor    = {Greg Morrisett and
               Tarmo Uustalu},
  title     = {Handlers in action},
  booktitle = {{ACM} {SIGPLAN} International Conference on Functional Programming,
               ICFP'13, Boston, MA, {USA} - September 25 - 27, 2013},
  pages     = {145--158},
  publisher = {{ACM}},
  year      = {2013},
  url       = {https://doi.org/10.1145/2500365.2500590},
  doi       = {10.1145/2500365.2500590},
  timestamp = {Thu, 24 Jun 2021 16:19:30 +0200},
  biburl    = {https://dblp.org/rec/conf/icfp/KammarLO13.bib},
  bibsource = {dblp computer science bibliography, https://dblp.org}
}
@inproceedings{exrw,
  author    = {Sam Lindley},
  editor    = {Simona Ronchi Della Rocca},
  title     = {Extensional Rewriting with Sums},
  booktitle = {Typed Lambda Calculi and Applications, 8th International Conference,
               {TLCA} 2007, Paris, France, June 26-28, 2007, Proceedings},
  series    = {Lecture Notes in Computer Science},
  volume    = {4583},
  pages     = {255--271},
  publisher = {Springer},
  year      = {2007},
  url       = {https://doi.org/10.1007/978-3-540-73228-0\_19},
  doi       = {10.1007/978-3-540-73228-0\_19},
  timestamp = {Tue, 14 May 2019 10:00:41 +0200},
  biburl    = {https://dblp.org/rec/conf/tlca/Lindley07.bib},
  bibsource = {dblp computer science bibliography, https://dblp.org}
}

@article{expressive,
  author    = {Yannick Forster and
               Ohad Kammar and
               Sam Lindley and
               Matija Pretnar},
  title     = {On the expressive power of user-defined effects: Effect handlers,
               monadic reflection, delimited control},
  journal   = {J. Funct. Program.},
  volume    = {29},
  pages     = {e15},
  year      = {2019},
  url       = {https://doi.org/10.1017/S0956796819000121},
  doi       = {10.1017/S0956796819000121},
  timestamp = {Sat, 09 Apr 2022 12:29:43 +0200},
  biburl    = {https://dblp.org/rec/journals/jfp/0002KLP19.bib},
  bibsource = {dblp computer science bibliography, https://dblp.org}
}
@article{sol,
  author    = {Makoto Hamana},
  title     = {Modular Termination Checking Theorems for Second-Order Computation},
  journal   = {CoRR},
  volume    = {abs/1912.03434},
  year      = {2019},
  url       = {http://arxiv.org/abs/1912.03434},
  eprinttype = {arXiv},
  eprint    = {1912.03434},
  timestamp = {Thu, 02 Jan 2020 18:08:18 +0100},
  biburl    = {https://dblp.org/rec/journals/corr/abs-1912-03434.bib},
  bibsource = {dblp computer science bibliography, https://dblp.org}
}

@InCollection{operfl,
  author =       {Andrew Pitts and Ian Stark},
  title =        {Operational Reasoning for Functions with Local
                  State}, 
  booktitle =    {Higher Order Operational Techniques in Semantics},
  editor =       {Andrew Gordon and Andrew Pitts},
  year =         {1998},
  pages =        {227--273},
  publisher =    {Publications of the Newton Institute, Cambridge
                  University Press}, 
  url =          {http://www.inf.ed.ac.uk/~stark/operfl.html},
}

@inproceedings{altenkirch,
  author    = {Thorsten Altenkirch},
  editor    = {Georg Gottlob and
               Etienne Grandjean and
               Katrin Seyr},
  title     = {Logical Relations and Inductive/Coinductive Types},
  booktitle = {Computer Science Logic, 12th International Workshop, {CSL} '98, Annual
               Conference of the EACSL, Brno, Czech Republic, August 24-28, 1998,
               Proceedings},
  series    = {Lecture Notes in Computer Science},
  volume    = {1584},
  pages     = {343--354},
  publisher = {Springer},
  year      = {1998},
  url       = {https://doi.org/10.1007/10703163\_23},
  doi       = {10.1007/10703163\_23},
  timestamp = {Tue, 14 May 2019 10:00:42 +0200},
  biburl    = {https://dblp.org/rec/conf/csl/Altenkirch98.bib},
  bibsource = {dblp computer science bibliography, https://dblp.org}
}
@inproceedings{oleg,
  author    = {Oleg Kiselyov and
               Chung{-}chieh Shan},
  editor    = {Simona Ronchi Della Rocca},
  title     = {A Substructural Type System for Delimited Continuations},
  booktitle = {Typed Lambda Calculi and Applications, 8th International Conference,
               {TLCA} 2007, Paris, France, June 26-28, 2007, Proceedings},
  series    = {Lecture Notes in Computer Science},
  volume    = {4583},
  pages     = {223--239},
  publisher = {Springer},
  year      = {2007},
  url       = {https://doi.org/10.1007/978-3-540-73228-0\_17},
  doi       = {10.1007/978-3-540-73228-0\_17},
  timestamp = {Tue, 14 May 2019 10:00:41 +0200},
  biburl    = {https://dblp.org/rec/conf/tlca/KiselyovS07.bib},
  bibsource = {dblp computer science bibliography, https://dblp.org}
}
